@inproceedings{elf_machine,
  title={"Weird Machines" in ELF: A Spotlight on the Underappreciated Metadata},
  author={Shapiro, Rebecca and Bratus, Sergey and Smith, Sean W},
  booktitle={Presented as part of the 7th USENIX Workshop on Offensive Technologies},
  year={2013},
  organization={USENIX}
}

@inproceedings{mmu_machine,
  title={The page-fault weird machine: lessons in instruction-less computation},
  author={Bangert, Julian and Bratus, Sergey and Shapiro, Rebecca and Smith, Sean W},
  booktitle={Presented as part of the 7th USENIX Workshop on Offensive Technologies$\}$},
  year={2013},
  organization={USENIX$\}$}
}

@article{bratus,
  title={Exploit Programming: From Buffer Overflows to" Weird Machines" and Theory of Computation},
  author={Bratus, Sergey and Locasto, Michael E and Patterson, Meredith L and Sassaman, Len and Shubina, Anna}
}

@inproceedings{hund,
  title={Return-Oriented Rootkits: Bypassing Kernel Code Integrity Protection Mechanisms.},
  author={Hund, Ralf and Holz, Thorsten and Freiling, Felix C},
  booktitle={USENIX Security Symposium},
  pages={383--398},
  year={2009}
}

@inproceedings{noncontroldata,
  title={Non-control-data attacks are realistic threats},
  author={Chen, Shuo and Xu, Jun and Sezer, Emre C and Gauriar, Prachi and Iyer, Ravishankar K},
  booktitle={Proceedings of the 14th conference on USENIX Security Symposium},
  volume={14},
  pages={12--12},
  year={2005}
}

@article{cpp_templates,
  title={C++ templates are turing complete},
  author={Veldhuizen, Todd L},
  journal={Available at citeseer. ist. psu. edu/581150. html},
  year={2003}
}

@article{smashing,
  title={Smashing the stack for fun and profit},
  author={One, Aleph},
  journal={Phrack magazine},
  volume={7},
  number={49},
  pages={365},
  year={1996}
}

@article{eresi,
  title={Understanding Linux ELF RTLD internals},
  author={Mayhem},
  howpublished={\url{http://s.eresi-project.org/inc/articles/elf-rtld.txt}},
  year={2002}
}

@article{html,
  author={Elitheeli},
  title={stupid machines},
  howpublished={\url{https://github.com/ elitheeli/stupid-machines}}
}

@article{trapcc,
  title={trapcc - computing with traps}
  author={Bangert, Julian},
  howpublished={\url{https://github.com/jbangert/trapcc}}
}

@article{ping_elf,
  title={elf-bf-tools}
  author={Shapiro, Rebecca}
  howpublished={\url{https://github.com/bx/elf-bf-tools}}
}
